<?xml version="1.0" encoding="UTF-8"?><collection xmlns="http://www.loc.gov/MARC21/slim"><record><leader>00536nam--2200193-i-4500</leader><controlfield tag="001">000036750</controlfield><controlfield tag="002">20161230</controlfield><controlfield tag="005">20161230201041</controlfield><controlfield tag="008">060222s1000------------r-----000-0-rum-d</controlfield><datafield ind1=" " ind2=" " tag="040"><subfield code="a">IFIN-HH</subfield></datafield><datafield ind1=" " ind2=" " tag="041"><subfield code="a">rum</subfield></datafield><datafield ind1=" " ind2=" " tag="080"><subfield code="a">539.12.074.55</subfield></datafield><datafield ind1="1" ind2=" " tag="100"><subfield code="a">Poenaru, D.N</subfield></datafield><datafield ind1="1" ind2="0" tag="245"><subfield code="a">Masurarea radiatiilor nucleare cu dispozitive semiconductoare</subfield><subfield code="c">D.n. poenaru, n. vilcov</subfield></datafield><datafield ind1=" " ind2=" " tag="260"><subfield code="a">Bucuresti</subfield><subfield code="b">Editura Academiei Rsr</subfield><subfield code="c">1967</subfield></datafield><datafield ind1=" " ind2=" " tag="300"><subfield code="a">374P</subfield></datafield><datafield ind1="1" ind2=" " tag="700"><subfield code="a">Vilcov, N</subfield></datafield><datafield ind1=" " ind2=" " tag="852"><subfield code="a">25329</subfield><subfield code="c">539.1.07:539.1.08</subfield></datafield><datafield ind1=" " ind2=" " tag="CAT"><subfield code="a">Sys</subfield><subfield code="c">20111019</subfield><subfield code="h">142347</subfield></datafield></record></collection>